%YAML 1.1
%TAG !u! tag:unity3d.com,2011:
--- !u!1 &8302260823313704991
GameObject:
  m_ObjectHideFlags: 0
  m_CorrespondingSourceObject: {fileID: 0}
  m_PrefabInstance: {fileID: 0}
  m_PrefabAsset: {fileID: 0}
  serializedVersion: 6
  m_Component:
  - component: {fileID: 8302260823313704990}
  - component: {fileID: 8302260823313704988}
  - component: {fileID: 8302260823313704989}
  - component: {fileID: 8302260823313704995}
  - component: {fileID: 8302260823313704994}
  m_Layer: 0
  m_Name: Player 1
  m_TagString: Player
  m_Icon: {fileID: 0}
  m_NavMeshLayer: 0
  m_StaticEditorFlags: 0
  m_IsActive: 1
--- !u!4 &8302260823313704990
Transform:
  m_ObjectHideFlags: 0
  m_CorrespondingSourceObject: {fileID: 0}
  m_PrefabInstance: {fileID: 0}
  m_PrefabAsset: {fileID: 0}
  m_GameObject: {fileID: 8302260823313704991}
  m_LocalRotation: {x: -0, y: -0, z: -0, w: 1}
  m_LocalPosition: {x: 500, y: 2, z: 500}
  m_LocalScale: {x: 1, y: 1, z: 1}
  m_Children:
  - {fileID: 8411940454758159363}
  m_Father: {fileID: 0}
  m_RootOrder: 0
  m_LocalEulerAnglesHint: {x: 0, y: 0, z: 0}
--- !u!143 &8302260823313704988
CharacterController:
  m_ObjectHideFlags: 0
  m_CorrespondingSourceObject: {fileID: 0}
  m_PrefabInstance: {fileID: 0}
  m_PrefabAsset: {fileID: 0}
  m_GameObject: {fileID: 8302260823313704991}
  m_Material: {fileID: 0}
  m_IsTrigger: 0
  m_Enabled: 1
  serializedVersion: 2
  m_Height: 4
  m_Radius: 1
  m_SlopeLimit: 45
  m_StepOffset: 0.3
  m_SkinWidth: 0.08
  m_MinMoveDistance: 0.001
  m_Center: {x: 0, y: 0, z: 0}
--- !u!114 &8302260823313704989
MonoBehaviour:
  m_ObjectHideFlags: 0
  m_CorrespondingSourceObject: {fileID: 0}
  m_PrefabInstance: {fileID: 0}
  m_PrefabAsset: {fileID: 0}
  m_GameObject: {fileID: 8302260823313704991}
  m_Enabled: 1
  m_EditorHideFlags: 0
  m_Script: {fileID: 11500000, guid: 02fc7cdf48e3840bf825f1267f914fcd, type: 3}
  m_Name: 
  m_EditorClassIdentifier: 
  controller: {fileID: 8302260823313704988}
  cam: {fileID: 0}
  speed: 6
  turnSmoothTime: 0.1
--- !u!95 &8302260823313704995
Animator:
  serializedVersion: 3
  m_ObjectHideFlags: 0
  m_CorrespondingSourceObject: {fileID: 0}
  m_PrefabInstance: {fileID: 0}
  m_PrefabAsset: {fileID: 0}
  m_GameObject: {fileID: 8302260823313704991}
  m_Enabled: 1
  m_Avatar: {fileID: 9000000, guid: fa1ddc8cbdb9b194daf165da78cc30b0, type: 3}
  m_Controller: {fileID: 9100000, guid: ace2b1ab15caad04795ec58dc2e7b4b4, type: 2}
  m_CullingMode: 0
  m_UpdateMode: 0
  m_ApplyRootMotion: 0
  m_LinearVelocityBlending: 0
  m_WarningMessage: 
  m_HasTransformHierarchy: 1
  m_AllowConstantClipSamplingOptimization: 1
  m_KeepAnimatorControllerStateOnDisable: 0
--- !u!114 &8302260823313704994
MonoBehaviour:
  m_ObjectHideFlags: 0
  m_CorrespondingSourceObject: {fileID: 0}
  m_PrefabInstance: {fileID: 0}
  m_PrefabAsset: {fileID: 0}
  m_GameObject: {fileID: 8302260823313704991}
  m_Enabled: 1
  m_EditorHideFlags: 0
  m_Script: {fileID: 11500000, guid: 35e840be2ea3441908a7a132d7d1a1d0, type: 3}
  m_Name: 
  m_EditorClassIdentifier: 
--- !u!1001 &8302260822321951720
PrefabInstance:
  m_ObjectHideFlags: 0
  serializedVersion: 2
  m_Modification:
    m_TransformParent: {fileID: 8302260823313704990}
    m_Modifications:
    - target: {fileID: -8679921383154817045, guid: fa1ddc8cbdb9b194daf165da78cc30b0, type: 3}
      propertyPath: m_RootOrder
      value: 0
      objectReference: {fileID: 0}
    - target: {fileID: -8679921383154817045, guid: fa1ddc8cbdb9b194daf165da78cc30b0, type: 3}
      propertyPath: m_LocalScale.x
      value: 3
      objectReference: {fileID: 0}
    - target: {fileID: -8679921383154817045, guid: fa1ddc8cbdb9b194daf165da78cc30b0, type: 3}
      propertyPath: m_LocalScale.y
      value: 3
      objectReference: {fileID: 0}
    - target: {fileID: -8679921383154817045, guid: fa1ddc8cbdb9b194daf165da78cc30b0, type: 3}
      propertyPath: m_LocalScale.z
      value: 3
      objectReference: {fileID: 0}
    - target: {fileID: -8679921383154817045, guid: fa1ddc8cbdb9b194daf165da78cc30b0, type: 3}
      propertyPath: m_LocalPosition.x
      value: 0
      objectReference: {fileID: 0}
    - target: {fileID: -8679921383154817045, guid: fa1ddc8cbdb9b194daf165da78cc30b0, type: 3}
      propertyPath: m_LocalPosition.y
      value: -2
      objectReference: {fileID: 0}
    - target: {fileID: -8679921383154817045, guid: fa1ddc8cbdb9b194daf165da78cc30b0, type: 3}
      propertyPath: m_LocalPosition.z
      value: 0
      objectReference: {fileID: 0}
    - target: {fileID: -8679921383154817045, guid: fa1ddc8cbdb9b194daf165da78cc30b0, type: 3}
      propertyPath: m_LocalRotation.w
      value: 1
      objectReference: {fileID: 0}
    - target: {fileID: -8679921383154817045, guid: fa1ddc8cbdb9b194daf165da78cc30b0, type: 3}
      propertyPath: m_LocalRotation.x
      value: -0
      objectReference: {fileID: 0}
    - target: {fileID: -8679921383154817045, guid: fa1ddc8cbdb9b194daf165da78cc30b0, type: 3}
      propertyPath: m_LocalRotation.y
      value: -0
      objectReference: {fileID: 0}
    - target: {fileID: -8679921383154817045, guid: fa1ddc8cbdb9b194daf165da78cc30b0, type: 3}
      propertyPath: m_LocalRotation.z
      value: -0
      objectReference: {fileID: 0}
    - target: {fileID: -8679921383154817045, guid: fa1ddc8cbdb9b194daf165da78cc30b0, type: 3}
      propertyPath: m_LocalEulerAnglesHint.x
      value: 0
      objectReference: {fileID: 0}
    - target: {fileID: -8679921383154817045, guid: fa1ddc8cbdb9b194daf165da78cc30b0, type: 3}
      propertyPath: m_LocalEulerAnglesHint.y
      value: 0
      objectReference: {fileID: 0}
    - target: {fileID: -8679921383154817045, guid: fa1ddc8cbdb9b194daf165da78cc30b0, type: 3}
      propertyPath: m_LocalEulerAnglesHint.z
      value: 0
      objectReference: {fileID: 0}
    - target: {fileID: 919132149155446097, guid: fa1ddc8cbdb9b194daf165da78cc30b0, type: 3}
      propertyPath: m_Name
      value: Beatrece_Cape_Idling
      objectReference: {fileID: 0}
    - target: {fileID: 5866666021909216657, guid: fa1ddc8cbdb9b194daf165da78cc30b0, type: 3}
      propertyPath: m_Controller
      value: 
      objectReference: {fileID: 9100000, guid: ace2b1ab15caad04795ec58dc2e7b4b4, type: 2}
    - target: {fileID: 5866666021909216657, guid: fa1ddc8cbdb9b194daf165da78cc30b0, type: 3}
      propertyPath: m_ApplyRootMotion
      value: 0
      objectReference: {fileID: 0}
    m_RemovedComponents:
    - {fileID: 5866666021909216657, guid: fa1ddc8cbdb9b194daf165da78cc30b0, type: 3}
  m_SourcePrefab: {fileID: 100100000, guid: fa1ddc8cbdb9b194daf165da78cc30b0, type: 3}
--- !u!4 &8411940454758159363 stripped
Transform:
  m_CorrespondingSourceObject: {fileID: -8679921383154817045, guid: fa1ddc8cbdb9b194daf165da78cc30b0, type: 3}
  m_PrefabInstance: {fileID: 8302260822321951720}
  m_PrefabAsset: {fileID: 0}
